<record><leader>00000cas a2200000 a 4500</leader><controlfield tag="001">11544162</controlfield><controlfield tag="008">850104d18631885caudn ne      0    0eng c</controlfield><datafield ind1=" " ind2=" " tag="010"><subfield code="a">sn 85025015 </subfield></datafield><datafield ind1=" " ind2=" " tag="040"><subfield code="a">NPX</subfield><subfield code="b">eng</subfield><subfield code="c">NPX</subfield><subfield code="d">NNX</subfield><subfield code="d">CNK</subfield><subfield code="d">OCL</subfield><subfield code="d">CNK</subfield><subfield code="d">OCLCQ</subfield><subfield code="d">OCLCF</subfield><subfield code="d">OCLCO</subfield></datafield><datafield ind1=" " ind2=" " tag="042"><subfield code="a">pcc</subfield></datafield><datafield ind1=" " ind2=" " tag="043"><subfield code="a">n-us-ca</subfield></datafield><datafield ind1="0" ind2=" " tag="130"><subfield code="a">Nevada daily transcript (Nevada City, Calif. : 1863)</subfield></datafield><datafield ind1="1" ind2="0" tag="245"><subfield code="a">Nevada daily transcript.</subfield></datafield><datafield ind1="1" ind2="3" tag="246"><subfield code="a">Nevada City daily transcript</subfield></datafield><datafield ind1=" " ind2=" " tag="260"><subfield code="a">Nevada [Nevada City] Calif. :</subfield><subfield code="b">N.P. Brown</subfield></datafield><datafield ind1=" " ind2=" " tag="300"><subfield code="a">v.</subfield></datafield><datafield ind1=" " ind2=" " tag="310"><subfield code="a">Daily (except Mon.)</subfield></datafield><datafield ind1="0" ind2=" " tag="362"><subfield code="a">Vol. 6, no. 129 (Aug. 5, 1863)- ; -v. 50 (Mar. 11, 1885).</subfield></datafield><datafield ind1=" " ind2=" " tag="515"><subfield code="a">Numbering is irregular.</subfield></datafield><datafield ind1=" " ind2=" " tag="530"><subfield code="a">Master negatives are available for duplication from:</subfield><subfield code="b">California Newspaper Microfilm Archive;</subfield><subfield code="c">positive copies may be purchased by the reel; for further information consult the CNMA at:</subfield><subfield code="u">http://cbsr.ucr.edu</subfield></datafield><datafield ind1=" " ind2="0" tag="651"><subfield code="a">Nevada County (Calif.)</subfield><subfield code="v">Newspapers.</subfield></datafield><datafield ind1=" " ind2="7" tag="655"><subfield code="a">Newspapers.</subfield><subfield code="2">fast</subfield><subfield code="0">(OCoLC)fst01423814</subfield></datafield><datafield ind1=" " ind2="7" tag="651"><subfield code="a">California</subfield><subfield code="z">Nevada County.</subfield><subfield code="2">fast</subfield><subfield code="0">(OCoLC)fst01206058</subfield></datafield><datafield ind1=" " ind2=" " tag="752"><subfield code="a">United States</subfield><subfield code="b">California</subfield><subfield code="c">Nevada</subfield><subfield code="d">Nevada City.</subfield></datafield><datafield ind1="0" ind2="0" tag="780"><subfield code="t">Morning transcript (Nevada City, Calif. : 1860)</subfield><subfield code="w">(DLC)sn 87067090</subfield></datafield><datafield ind1="0" ind2="0" tag="785"><subfield code="t">Daily transcript (Nevada City, Calif.)</subfield><subfield code="w">(DLC)sn 92068435</subfield></datafield></record>